<record xmlns="http://www.loc.gov/MARC21/slim" xmlns:xsi="http://www.w3.org/2001/XMLSchema-instance" xsi:schemaLocation="http://www.loc.gov/MARC21/slim http://www.loc.gov/standards/marcxml/schema/MARC21slim.xsd">

  <leader>00483nam a2200145Ia 4500</leader>
  <datafield ind2=" " tag="999" ind1=" ">
    <subfield code="c">956</subfield>
    <subfield code="d">956</subfield>
  </datafield>
  <controlfield tag="008">02099771998    cr 0|</controlfield>
  <datafield ind2=" " tag="020" ind1=" ">
    <subfield code="a">9977150834</subfield>
  </datafield>
  <datafield ind2=" " tag="090" ind1=" ">
    <subfield code="a">02.01.01 </subfield>
    <subfield code="b">676</subfield>
  </datafield>
  <datafield ind1="2" tag="110" ind2=" ">
    <subfield code="a">Universidad de Costa Rica</subfield>
    <subfield code="9">585</subfield>
  </datafield>
  <datafield tag="245" ind2="0" ind1="1">
    <subfield code="a">Premio Rodrigo Facio Brenes 1998: Rodrigo Carazo Odio: Memoria /</subfield>
    <subfield code="c">Universidad de Costa Rica</subfield>
  </datafield>
  <datafield ind2=" " tag="260" ind1=" ">
    <subfield code="a">San José, Costa Rica : </subfield>
    <subfield code="b">Oficina de Publicaciones de la Universidad de Costa Rica, </subfield>
    <subfield code="c">1998</subfield>
  </datafield>
  <datafield ind2=" " tag="300" ind1=" ">
    <subfield code="a">25 páginas</subfield>
  </datafield>
  <datafield ind1="1" tag="600" ind2=" ">
    <subfield code="9">3180</subfield>
    <subfield code="a"> RODRIGO FACIO BRENES</subfield>
  </datafield>
  <datafield tag="610" ind2=" " ind1="2">
    <subfield code="a">UNIVERSIDAD DE COSTA RICA</subfield>
    <subfield code="9">714</subfield>
  </datafield>
  <datafield ind1="1" ind2="4" tag="650">
    <subfield code="a">DESARROLLO SOCIAL </subfield>
    <subfield code="9">613</subfield>
  </datafield>
  <datafield ind2=" " tag="942" ind1=" ">
    <subfield code="2">z</subfield>
    <subfield code="c">01</subfield>
  </datafield>
</record>